%--------------------------------------------------------------------%
% File ini berisi list Daftar Pustaka. Entry pustaka berikut dapat disitasi 
% kedalam badan dokumen menggunakan command \cite{label}
%
% NB: Daftar Pustaka hanya akan memunculkan entry yang disitasi 
% dalam badan dokumen. Jika tidak, maka tidak akan muncul
%--------------------------------------------------------------------%

@article{sembiring2024dampak,
  title={Dampak Teknologi Digital Terhadap Kesehatan Mental Generasi Muda},
  author={Sembiring, Queene Br},
  journal={Circle Archive},
  volume={1},
  number={4},
  year={2024}
}

@article{putri2023cyberbullying,
  title={Cyberbullying di media sosial tiktok terhadap remaja sekolah menengah pertama},
  author={Putri, Yessi Mareta Andari and Azahra, Putri Fitrawati and Sinaga, Ester Marito and Prawitri, Ajeng Linggar},
  journal={Jurnal common},
  volume={7},
  number={1},
  pages={33--44},
  year={2023}
}

@article{kurniawan2024dampak,
  title={Dampak Cyberbullying terhadap Risiko Bunuh Diri pada Remaja: Narrative Review},
  author={Kurniawan, Kurniawan and Yosep, Iyus and Khoirunnisa, Khoirunnisa and Mardhiyah, Ai and Fitriani, Nurlaila},
  journal={JPP (Jurnal Kesehatan Poltekkes Palembang)},
  volume={19},
  number={1},
  pages={8--16},
  year={2024}
}

@article{sari2018komunikasi,
  title={Komunikasi dan media sosial},
  author={Sari, Astari Clara and Hartina, Rini and Awalia, Reski and Irianti, Hana and Ainun, Nurul},
  journal={Jurnal The Messenger},
  volume={3},
  number={2},
  pages={69},
  year={2018}
}

@article{rosiana2023analisis,
  title={Analisis aplikasi tiktok berdasarkan prinsip dan paradigma interaksi manusia dan komputer menggunakan evaluasi heuristic},
  author={Rosiana, Puput Silva and Nurhidayat, Ananada Rizky and Mohsa, Alpin Apriliansyah and Ridha, Azhari Ali},
  journal={Jurnal Informatika dan Teknik Elektro Terapan},
  volume={11},
  number={3},
  year={2023}
}

@article{aser2022fenomena,
  title={Fenomena Cyberbullying di Media Sosial TikTok},
  author={Aser, Fabiola Greselda and Paramita, Sinta and others},
  journal={Kiwari},
  volume={1},
  number={3},
  pages={449--453},
  year={2022}
}

@phdthesis{razi2017klasifikasi,
  title={Klasifikasi Artikel Berita Berbahasa Indonesia Menggunakan Convolutional Neural Network},
  author={Razi, AR},
  year={2017},
  school={Universitas Gadjah Mada}
}

@article{liao2017cnn,
  title={CNN for situations understanding based on sentiment analysis of twitter data},
  author={Liao, Shiyang and Wang, Junbo and Yu, Ruiyun and Sato, Koichi and Cheng, Zixue},
  journal={Procedia computer science},
  volume={111},
  pages={376--381},
  year={2017},
  publisher={Elsevier}
}

@mastersthesis{chen2015convolutional,
  title={Convolutional neural network for sentence classification},
  author={Chen, Yahui},
  year={2015},
  school={University of Waterloo}
}

@INPROCEEDINGS{10468424,
  author={Prameswari, Bunga Aura and Syafa Oktaviani, Haliza and Wicaksono, Titus Rangga and Pieter Leonard, Biben and Achmad, Said and Sutoyo, Rhio},
  booktitle={2023 IEEE 8th International Conference on Recent Advances and Innovations in Engineering (ICRAIE)}, 
  title={Building Prediction Model for Detecting Cyberbullying using TikTok Comments}, 
  year={2023},
  volume={},
  number={},
  pages={1-7},
  keywords={Technological innovation;Video on demand;Buildings;Cyberbullying;Bidirectional control;Mental health;Predictive models;Cyberbullying;TikTok;BERT;Deep Learning;Sentiment Analysis},
  doi={10.1109/ICRAIE59459.2023.10468424}}
